<?xml version="1.0" encoding="UTF-8"?><collection xmlns="http://www.loc.gov/MARC21/slim"><record><leader>00347nam--2200133-i-4500</leader><controlfield tag="001">000010497</controlfield><controlfield tag="002">20161230</controlfield><controlfield tag="005">20161230201028</controlfield><controlfield tag="008">060222s1000------------r-----000-0-eng-d</controlfield><datafield ind1=" " ind2=" " tag="100"><subfield code="a">Bajeu, George</subfield></datafield><datafield ind1=" " ind2=" " tag="245"><subfield code="a">Stancu, gheorghe</subfield></datafield><datafield ind1=" " ind2=" " tag="260"><subfield code="a">Generatoare De Radiofrecventa</subfield></datafield><datafield ind1=" " ind2=" " tag="490"><subfield code="a">Colectia Radio Si Televiziune.103</subfield></datafield><datafield ind1=" " ind2=" " tag="852"><subfield code="a">621.373.43:621.3.029.6</subfield></datafield></record></collection>